@manual{MATLAB_ode45,
  title        = {Solve nonstiff differential equations â€” {MATLAB} ode45},
  author       = {{MathWorks}},
  year         = {2024},
  url          = {https://www.mathworks.com/help/matlab/ref/ode45.html},
  note         = {Accessed: 2024-12-08}
}

@book{Boyce2017,
  author       = {William E. Boyce and Richard C. DiPrima},
  title        = {Elementary Differential Equations and Boundary Value Problems},
  edition      = {11th},
  publisher    = {Wiley},
  year         = {2017},
  address      = {Hoboken, NJ, USA}
}
